@techreport{Rasp,
	author    = {Yuan Yue},
    institution = {Universita di Vaasa},
    year      = "2015",
	title = {Performance Evaluation of Sorting Algorithms in Raspberry Pi and Personal Computer}
}

@manual{ISA,
 	year = {2017},
 	title = {riscv-spec-v2.2},
 	url ={https://riscv.org/wp-content/uploads/2017/05/riscv-spec-v2.2.pdf}
}

@misc{ SystemA0,
	author = {Wikipedia},
 	title = {Sistema A-0},
 	year = {2021},
 	url = {https://it.upwiki.one/wiki/a-0_system},
 	note = {[Online; pagina editata in: 7 Dicembre 2021; Controllata 15 Novembre 2022]}
}


@book{ GCCstory,
  author = {Brian J. Gough},
  title = {An Introduction to GCC},
  year = {2005},
  url = {https://web.archive.org/web/20100531171042/http://www.network-theory.co.uk/docs/gccintro/},
  note = {[Online]}
}

@misc{ ClangStory,
  author = {Wikipedia},
  title = {Clang},
  year = {2022},
  url = {https://it.frwiki.wiki/wiki/Clang},
  note = {[Online; sito ufficiale: https://clang.llvm.org/]}
}

@misc {toolchain_gcc, 
	author = {RISC-V Software Collaboration},
	title = {riscv-gcc}, 
	year = {2021}, 
	publisher = {GitHub}, 
 	journal = {GitHub repository}, 
	url = {https://github.com/riscv-collab/riscv-gcc}
}


@misc {toolchain_clang, 
 author = {SiFive},
 title = {riscv-llvm}, 
 year = {2019}, 
 publisher = {GitHub}, 
 journal = {GitHub repository}, 
url = {https://github.com/sifive/riscv-llvm}
}


@misc {BoardInfo, 
 author = {Awol},
 title = {Introduzione del chip D1-H}, 
 year = {2021}, 
url = {https://d1.docs.aw-ol.com}
}


@misc{GCC,
 author = {GCC},
 title = {GCC, the GNU Compiler Collection}, 
 year = {2022}, 
url = {https://gcc.gnu.org/}
}

@misc{LLVM,
 author = {LLVM},
 title = {The LLVM Compiler Infrastructure}, 
 year = {2022}, 
url = {https://llvm.org/}
}

@article{openSource1,
  title={Open source software: A history},
  author={Bretthauer, David},
  year={2001}
}

@misc{openOrg,
title = {Open Source Initiative},
author = {},
year = {2022},
url = {https://opensource.org/}
}

@book{stallman2003software,
  title={Software libero, pensiero libero},
  author={Stallman, Richard and Parrella, Bernardo},
  volume={1},
  year={2003},
  publisher={Stampa alternativa Nuovi equilibri}
}

@inproceedings{RISCOverview,
  title={An overview of RISC architecture},
  author={Aletan, Samuel O},
  booktitle={Proceedings of the 1992 ACM/SIGAPP Symposium on Applied computing: technological challenges of the 1990's},
  pages={11--20},
  year={1992}
}

@book{RISCVHistory,
  title={RISC Microprocessors, History and Overview},
  author={Stakem, Patrick H},
  year={2018},
  publisher={Independently published}
}

@misc{RISCOrgHistory,
title = {RISCV History},
author = {RISCV},
year = {2022},
url = {https://riscv.org/about/history/}
}


%%
@inproceedings{ConfrontoISABook,
  title={Performance Evaluation of Various RISC Processor Systems: A Case Study on ARM, MIPS and RISC-V},
  author={Liu, Yu and Ye, Kejiang and Xu, Cheng-Zhong},
  booktitle={International Conference on Cloud Computing},
  pages={61--74},
  year={2021},
  organization={Springer}
}

@misc{rngValido,
title = {Test es Certificazione RNG},
author = {Itech labs},
year = {2022},
url = {https://italian.itechlabs.com/certification-services/rng-testing-certification/}
}

@inproceedings{ConfrontoCompilatori,
  title={Comparison of LLVM and GCC on the ARM Platform},
  author={Kim, Jae-Jin and Lee, Seok-Young and Moon, Soo-Mook and Kim, Suhyun},
  booktitle={2010 5th International Conference on Embedded and Multimedia Computing},
  pages={1--6},
  year={2010},
  organization={IEEE}
}