@article{waitzman1990standard,
  title = {Standard for the transmission of IP datagrams on avian carriers},
  author = {Waitzman, David},
  year = {1990},
  booktitle={questo Ã¨ il testo di booktitle}
}
